@inproceedings{silberman2012indoor,
  title={Indoor segmentation and support inference from \textsc{RGBD} images},
  author={Silberman, N. and Hoiem, D. and Pushmeet, K. and Fergus, R.},
  booktitle={European Conference on Computer Vision},
  pages={746--760},
  year={2012}
}
@article{MartinFTM01,
  author = {D. Martin and C. Fowlkes and D. Tal and J. Malik},
  title = {A Database of Human Segmented Natural Images and its
           Application to Evaluating Segmentation Algorithms and
           Measuring Ecological Statistics},
  journal = {International Conference on Computer Vision},
  year = {2001},
  volume = {2},
  pages = {416--423}
}@inproceedings{muller2016robust,
  title={Robust Interactive Multi-label Segmentation with an Advanced Edge Detector},
  author={M{\"u}ller, S. and Ochs, P. and Weickert, J. and Graf, N.},
  booktitle={German Conference on Pattern Recognition},
  pages={117--128},
  year={2016}
}
@article{Changjae2017Robust,
title = {Robust interactive image segmentation using structure-aware labeling},
journal = "Expert Systems with Applications ",
volume = "79",
pages = "90 - 100",
year = "2017",
author = "Changjae, O. and Bumsub, H. and Kwanghoon, S.",
}
@article{nieuwenhuis2013spatially,
  title={Spatially varying color distributions for interactive multilabel segmentation},
  author={Nieuwenhuis, C. and Cremers, D.},
  journal={IEEE Transactions on Pattern Analysis and Machine Intelligence},
  volume={35},
  number={5},
  pages={1234--1247},
  year={2013}
}

@inproceedings{mortensen1995intelligent,
  title={Intelligent scissors for image composition},
  author={Mortensen, E. N. and Barrett, W. A.},
  booktitle={Annual Conference on Computer Graphics and Interactive Techniques},
  pages={191--198},
  year={1995}
}
@article{mortensen1998interactive,
  title={Interactive segmentation with intelligent scissors},
  author={Mortensen, E. N. and Barrett, W. A},
  journal={Graphical Models and Image Processing},
  volume={60},
  number={5},
  pages={349--384},
  year={1998}
}
@article{mille2015combination,
  title={Combination of piecewise-geodesic paths for interactive segmentation},
  author={Mille, J. and Bougleux, S. and Cohen, L. D.},
  journal={International Journal of Computer Vision},
  volume={112},
  number={1},
  pages={1--22},
  year={2015}
}
@inproceedings{boykov2001interactive,
  title={Interactive graph cuts for optimal boundary and region segmentation of objects in \textsc{ND} images},
  author={Boykov, Y. and Jolly, M.-P.},
  booktitle={IEEE International Conference on Computer Vision},
  volume={1},
  pages={105--112},
  year={2001}
}
@article{salembier2000binary,
  title={Binary partition tree as an efficient representation for image processing, segmentation, and information retrieval},
  author={Salembier, P. and Garrido, L.},
  journal={IEEE Transactions on Image Processing},
  volume={9},
  number={4},
  pages={561--576},
  year={2000}
}
@article{jian2016interactive,
  title={Interactive image segmentation using adaptive constraint propagation},
  author={Jian, M. and Jung, C.},
  journal={IEEE Transactions on Image Processing},
  volume={25},
  number={3},
  pages={1301--1311},
  year={2016}
}

@inproceedings{friedland2005siox,
  title={\textsc{Siox}: Simple interactive object extraction in still images},
  author={Friedland, G. and Jantz, K. and Rojas, R.},
  booktitle={ IEEE International Symposium on Multimedia},
  pages={253 --260},
  year={2005}
}
@article{mcguinness2010comparative,
  title={A comparative evaluation of interactive segmentation algorithms},
  author={McGuinness, K. and O’connor, N. E.},
  journal={Pattern Recognition},
  volume={43},
  number={2},
  pages={434--444},
  year={2010}
}
@article{adams1994seeded,
  title={Seeded region growing},
  author={Adams, R. and Bischof, L.},
  journal={IEEE Transactions on Pattern Analysis and Machine Intelligence},
  volume={16},
  number={6},
  pages={641--647},
  year={1994}
}
@article{rother2004grabcut,
  title={Grabcut: Interactive foreground extraction using iterated graph cuts},
  author={Rother, C. and Kolmogorov, V. and Blake, A.},
  booktitle={ACM Transactions on Graphics },
  volume={23},
  number={3},
  pages={309--314},
  year={2004}
}
@inproceedings{santner2010interactive,
  title={Interactive multi-label segmentation},
  author={Santner, J and Pock, T. and Bischof, H.},
  booktitle={Asian Conference on Computer Vision},
  pages={397--410},
  year={2010}
}


@book{faugeras1993three,
  title={Three-dimensional computer vision: a geometric viewpoint},
  author={Faugeras, Olivier},
  year={1993},
  publisher={MIT press}
}

@book{boyd2004convex,
  title={Convex Optimization},
  author={Boyd, S. and Vandenberghe, L.},
  year={2004},
  publisher={Cambridge university press}
}
%CNN
@article{garcia2017review,
  title={A Review on Deep Learning Techniques Applied to Semantic Segmentation},
  author={Garcia-Garcia, A. and Orts-Escolano, S. and Oprea, S. and Villena-Martinez, V. and Garcia-Rodriguez, J.},
  journal={arXiv preprint arXiv:1704.06857},
  year={2017}
}
@inproceedings{long2015fully,
  title={Fully convolutional networks for semantic segmentation},
  author={Long, J. and Shelhamer, E. and Darrell, T.},
  booktitle={ IEEE Conference on Computer Vision and Pattern Recognition},
  pages={3431--3440},
  year={2015}
}
@article{fourure2017multi,
  title={Multi-task, Multi-domain Learning: application to semantic segmentation and pose regression},
  author={Fourure, D. and Emonet, R. and Fromont, E. and Muselet, D. and Neverova, N. and Tr{\'e}meau, A. and Wolf, C.},
  journal={Neurocomputing},
  volume={251},
  pages={68--80},
  year={2017}
}
@inproceedings{lin2016scribblesup,
  title={Scribblesup: Scribble-supervised convolutional networks for semantic segmentation},
  author={Lin, D. and Dai, J. and Jia, J. and He, K. and Sun, J.},
  booktitle={ IEEE Conference on Computer Vision and Pattern Recognition},
  pages={3159--3167},
  year={2016}
}
%LBP
@incollection{pietikainen2011local,
  title={Local binary patterns for still images},
  author={Pietik{\"a}inen, M. and Hadid, A. and Zhao, G. and Ahonen, T.},
  booktitle={Computer vision using local binary patterns},
  pages={13--47},
  year={2011},
  publisher={Springer}
}


@article{xu2016connected,
author={Y. Xu and T. Géraud and L. Najman},
journal={IEEE Transactions on Pattern Analysis and Machine Intelligence},
title={Connected Filtering on Tree-Based Shape-Spaces},
year={2016},
volume={38},
number={6},
pages={1126-1140},
}
@article{Li2016region,
title = {Region-based urban road extraction from \textsc{VHR} satellite images using Binary Partition Tree },
journal = "International Journal of Applied Earth Observation and Geoinformation ",
volume = "44",
pages = "217-225",
year = "2016",
author = "M. Li and A. Stein and W. Bijker and Q. Zhan",
}
@book{koller2009probabilistic,
  title={Probabilistic graphical models: principles and techniques},
  author={Koller, D. and Friedman, N.},
  year={2009},
  publisher={MIT press}
}
@article{wu2004probability,
  title={Probability estimates for multi-class classification by pairwise coupling},
  author={Wu, T.-F. and Lin, C.-J. and Weng, R. C.},
  journal={Journal of Machine Learning Research},
  volume={5},
  pages={975--1005},
  year={2004}
}

%factor graph
@inproceedings{kappes2013comparative,
  title={A comparative study of modern inference techniques for discrete energy minimization problems},
  author={Kappes, J. and Andres, B. and Hamprecht, F. and Schnorr, C. and Nowozin, S. and Batra, D. and Kim, S. and Kausler, B. and Lellmann, J. and Komodakis, N. and others},
  booktitle={Proceedings of the IEEE Conference on Computer Vision and Pattern Recognition},
  pages={1328--1335},
  year={2013}
}
@inproceedings{fix2011graph,
  title={A graph cut algorithm for higher-order \textsc{M}arkov random fields},
  author={Fix, A. and Gruber, A. and Boros, E. and Zabih, R.},
  booktitle={IEEE International Conference on Computer Vision },
  pages={1020--1027},
  year={2011}
}
@article{lempitsky2010fusion,
  title={Fusion moves for \textsc{M}arkov random field optimization},
  author={Lempitsky, V. and Rother, C. and Roth, S. and Blake, A.},
  journal={IEEE Transactions on Pattern Analysis and Machine Intelligence},
  volume={32},
  number={8},
  pages={1392--1405},
  year={2010}
}


@article{boykov2001fast,
  title={Fast approximate energy minimization via graph cuts},
  author={Boykov, Y. and Veksler, O. and Zabih, R.},
  journal={IEEE Transactions on Pattern Analysis and Machine Intelligence},
  volume={23},
  number={11},
  pages={1222--1239},
  year={2001}
}

%other datasets
@inproceedings{yamaguchi2012parsing,
  title={Parsing clothing in fashion photographs},
  author={Yamaguchi, K. and Kiapour, M. H. and Ortiz, L. E. and Berg, T. L.},
  booktitle={ IEEE Conference on Computer Vision and Pattern Recognition},
  pages={3570--3577},
  year={2012}
}
@inproceedings{kolesnikov2014closed,
  title={Closed-form approximate \textsc{CRF} training for scalable image segmentation},
  author={Kolesnikov, A. and Guillaumin, M. and Ferrari, V. and Lampert, C. H.},
  booktitle={European Conference on Computer Vision},
  pages={550--565},
  year={2014}
}
@article{liu2011learning,
  title={Learning to detect a salient object},
  author={Liu, T. and Yuan, Z. and Sun, J. and Wang, J. and Zheng, N. and Tang, X. and Shum, H.-Y.},
  journal={IEEE Transactions on Pattern Analysis and Machine Intelligence},
  volume={33},
  number={2},
  pages={353--367},
  year={2011}
}
@article{yan2014hierarchical,
  title={Hierarchical saliency detection on extended \textsc{CSSD}},
  author={Yan, Q. and Shi, J. and Xu, L. and Jia, J.},
  journal={arXiv preprint arXiv:1408.5418},
  year={2014},
  publisher={Citeseer}
}


%edge detector
@article{dollar2015fast,
  title={Fast edge detection using structured forests},
  author={Doll{\'a}r, P. and Zitnick, C. L.},
  journal={IEEE Transactions on Pattern Analysis and Machine Intelligence},
  volume={37},
  number={8},
  pages={1558--1570},
  year={2015}
}

%superpixels application
@article{gould2008multi,
  title={Multi-class segmentation with relative location prior},
  author={Gould, S. and Rodgers, J. and Cohen, D. and Elidan, G. and Koller, D.},
  journal={International Journal of Computer Vision},
  volume={80},
  number={3},
  pages={300--316},
  year={2008}
}
@inproceedings{petrovai2014obstacle,
  title={Obstacle detection using stereovision for \textsc{A}ndroid-based mobile devices},
  author={A. Petrovai and A. Costea and F. Oniga  and S. Nedevschi},
  booktitle={IEEE International Conference on Intelligent Computer Communication and Processing},
  pages={141--147},
  year={2014}
}
@article{zhang2016detecting,
  title={Detecting densely distributed graph patterns for fine-grained image categorization},
  author={Zhang, L. and Yang, Y. and Wang, M. and Hong, R. and Nie, L. and Li, X.},
  journal={IEEE Transactions on Image Processing},
  volume={25},
  number={2},
  pages={553--565},
  year={2016}
}
@article{zhang2014probabilistic,
  title={A probabilistic associative model for segmenting weakly supervised images},
  author={L. Zhang and Y. Yang and Y. Gao and Y. Yu  and C. Wang and X. Li},
  journal={IEEE Transactions on Image Processing},
  volume={23},
  number={9},
  pages={4150--4159},
  year={2014}
}
@inproceedings{dalal2005histograms,
  title={Histograms of oriented gradients for human detection},
  author={N. Dalal and B. Triggs },
  booktitle={IEEE Computer Society Conference on Computer Vision and Pattern Recognition },
  pages={886--893},
  year={2005}
}
@inproceedings{stricker1995similarity,
  title={Similarity of color images},
  author={M. A. Stricker and M. Orengo},
  booktitle={IS\&T/SPIE's Symposium on Electronic Imaging: Science \& Technology},
  pages={381--392},
  year={1995}
}
%other
@article{ozden2005image,
author={M. Özden and E. Polat},
journal={European Signal Processing Conference},
title={Image segmentation using color and texture features},
year={2005},
pages={1-4}
}
@article{Dijkstra59anote,
    author = {E. W. Dijkstra},
    title = {A Note on Two Problems in Connexion with Graphs},
    journal = {Numerische Mathematik},
    year = {1959},
    volume = {1},
    number = {1},
    pages = {269--271}
}
@article{breiman2001random,
  title={Random forests},
  author={Breiman, L.},
  journal={Machine Learning},
  volume={45},
  number={1},
  pages={5--32},
  year={2001}
} 
@article{ojala2002multiresolution,
  title={Multiresolution gray-scale and rotation invariant texture classification with local binary patterns},
  author={Ojala, T. and Pietikainen, M. and Maenpaa, T.},
  journal={IEEE Transactions on Pattern Analysis and Machine Intelligence},
  volume={24},
  number={7},
  pages={971--987},
  year={2002}
}
@inproceedings{pock2009convex,
  title={A convex relaxation approach for computing minimal partitions},
  author={Pock, T. and Chambolle, A. and Cremers, D. and Bischof, H.},
  booktitle={IEEE Conference on Computer Vision and Pattern Recognition},
  pages={810--817},
  year={2009}
}

@article{achanta2012slic,
  title={\textsc{SLIC} superpixels compared to state-of-the-art superpixel methods},
  author={Achanta, A. and Shaji, A. and Smith, K. and Lucchi, A. and Fua, P. and Susstrunk, S.},
  journal={IEEE Transactions on Pattern Analysis and Machine Intelligence},
  volume={34},
  number={11},
  pages={2274--2282},
  year={2012}
}
@article{comaniciu2002mean,
  title={Mean shift: A robust approach toward feature space analysis},
  author={Comaniciu, D. and Meer, P.},
  journal={IEEE Transactions on Pattern Analysis and Machine Intelligence},
  volume={24},
  number={5},
  pages={603--619},
  year={2002}
}
@inproceedings{conrad2013contour,
  title={Contour-relaxed superpixels},
  author={Conrad, C. and Mertz, M. and Mester, R.},
  booktitle={International Workshop on Energy Minimization Methods in Computer Vision and Pattern Recognition},
  pages={280--293},
  year={2013}
}
@article{felzenszwalb2004efficient,
  title={Efficient graph-based image segmentation},
  author={Felzenszwalb, P. F. and Huttenlocher, D. P.},
  journal={International Journal of Computer Vision},
  volume={59},
  number={2},
  pages={167--181},
  year={2004}
}
@article{levinshtein2009turbopixels,
  title={Turbopixels: Fast superpixels using geometric flows},
  author={Levinshtein, A. and Stere, A. and Kutulakos, K. N. and Fleet, D. J. and Dickinson, S. J. and Siddiqi, K.},
  journal={IEEE Transactions on  Pattern Analysis and Machine Intelligence},
  volume={31},
  number={12},
  pages={2290--2297},
  year={2009}
}
@inproceedings{liu2011entropy,
  title={Entropy rate superpixel segmentation},
  author={Liu, M. Y. and Tuzel, O. and Ramalingam, S. and Chellappa, R.},
  booktitle={IEEE Conference on Computer Vision and Pattern Recognition},
  pages={2097--2104},
  year={2011}
}
@article{machairas2015waterpixels,
author={V. Machairas and M. Faessel and D. Cárdenas-Peña and T. Chabardes and T. Walter and E. Decencière},
journal={IEEE Transactions on Image Processing},
title={Waterpixels},
year={2015},
volume={24},
number={11},
pages={3707-3716}
}
@inproceedings{papon2013voxel,
  title={Voxel cloud connectivity segmentation-supervoxels for point clouds},
  author={Papon, J. and Abramov, A. and Schoeler, M. and Worgotter, F.},
  booktitle={IEEE Conference on Computer Vision and Pattern Recognition},
  pages={2027--2034},
  year={2013}
}
@inproceedings{ren2003learning,
author={X. Ren and J. Malik},
booktitle={IEEE International Conference on Computer Vision, Proceedings},
title={Learning a classification model for segmentation},
year={2003},
volume={1},
pages={10-17}
}
@inproceedings{rubio2016bass,
  title={BASS: Boundary-aware superpixel segmentation},
  author={Rubio, A. and Yu, L. and Simo-Serra, E. and Moreno-Noguer, F.},
  booktitle={International Conference on Pattern Recognition},
  pages={2824--2829},
  year={2016}
}
@inproceedings{stutz2015superpixel,
  title={Superpixel Segmentation: An Evaluation},
  author={Stutz, D.},
  booktitle={German Conference on Pattern Recognition},
  pages={555--562},
  year={2015}
  }
  @inproceedings{tang2012topology,
  title={Topology preserved regular superpixel},
  author={Tang, D. and Fu, H. and Cao, X.},
  booktitle={IEEE International Conference on Multimedia and Expo},
  pages={765--768},
  year={2012}
}
  @inproceedings{van2012seeds,
  title={\textsc{Seeds}: Superpixels extracted via energy-driven sampling},
  author={\textsc{Van den Bergh}, M. and Boix, X. and Roig, G. and de Capitani, B. and Van Gool, L.},
  booktitle={European Conference on Computer Vision},
  pages={13--26},
  year={2012}
 }
  @inproceedings{vedaldi2008quick,
  title={Quick shift and kernel methods for mode seeking},
  author={Vedaldi, A. and Soatto, S.},
  booktitle={European Conference on Computer Vision},
  pages={705--718},
  year={2008}
}
@inproceedings{veksler2010superpixels,
  title={Superpixels and supervoxels in an energy optimization framework},
  author={Veksler, O. and Boykov, Y. and Mehrani, P.},
  booktitle={European Conference on Computer Vision},
  pages={211--224},
  year={2010}
}
  @article{vincent1991watersheds,
  title={Watersheds in digital spaces: an efficient algorithm based on immersion simulations},
  author={Vincent, L. and Soille, P.},
  journal={IEEE Transactions on  Pattern Analysis and Machine Intelligence},
  volume={13},
  number={6},
  pages={583--598},
  year={1991}
}
@article{wang2013structure,
  title={Structure-sensitive superpixels via geodesic distance},
  author={Wang, P. and Zeng, G. and Gan, R. and Wang, J. and Zha, H.},
  journal={International Journal of Computer Vision},
  volume={103},
  number={1},
  pages={1--21},
  year={2013}
}
@inproceedings{weikersdorfer2012depth,
  title={Depth-adaptive superpixels},
  author={Weikersdorfer, D. and Gossow, D. and Beetz, M.},
  booktitle={International Conference on Pattern Recognition},
  pages={2087--2090},
  year={2012}
}
@inproceedings{zhang2011superpixels,
  title={Superpixels via pseudo-boolean optimization},
  author={Zhang, Y. and Hartley, R. and Mashford, J. and Burn, S.},
  booktitle={IEEE International Conference on Computer Vision},
  pages={1387--1394},
  year={2011}
}