@inproceedings{mathieu2016segmentation,
  author={Mathieu, B. and Crouzil, A. and Puel, J.-B.},
title = {{Segmentation interactive pour l'annotation de photographies de paysages}},
booktitle = {Congrès Francophone de Reconnaissance des Formes et Intelligence Artificielle, Clermont-Ferrand},
year = {2016},
month = {support électronique, juin},
publisher = {AFRIF-AFIA},
address = {http://www.afrif.asso.fr},
language = {francais},
URL = {http://rfia2016.iut-auvergne.com/media/articles/AV02.pdf},
note = {}
}
@inproceedings{puel2017une,
  title={{Une application distribue\'{e}e pour l'enseignement du paysage}},
  author={Puel, J.-B. and Mathieu, B. and Crouzil, A.},
  booktitle={Journ\'{e}es G\'{e}omatique, Enseignement et Apprentissage, Toulouse},
 pages = {23--28},
  year={2017},  
month = {janvier},
publisher = {IRIT},
 URL = {https://www.irit.fr/GET/sites/irit.fr.GET/files/GET17%2520Puel%2520s.pdf}
}

@inproceedings{mathieu2017hsid,
  title={{Oversegmentation methods\!: a new evaluation}},
  author={Mathieu, B. and Crouzil, A. and Puel, J.-B.},
  booktitle={Iberian Conference on Pattern Recognition and Image Analysis},
  year={2017},
  month = {juin},
 publisher = {Springer},
 address = {http://www.springerlink.com},
 pages = {185--193},
}
@inproceedings{mathieu2017asari,
  title={{ASARI\!: a new adaptive oversegmentation method}},
  author={Mathieu, B. and Crouzil, A. and Puel, J.-B.},
  booktitle={Iberian Conference on Pattern Recognition and Image Analysis},
  year={2017},
  month = {juin},
 publisher = {Springer},
 address = {http://www.springerlink.com},
 pages = {194--202},
}
@article{mathieu2017jei,
 title={A scalable superpixel-based interactive segmentation method},
  author={Mathieu, B. and Crouzil, A. and Puel, J.-B.},
  journal={Journal of Electronic Imaging},
  year={à paraître, 2017}
}